@article{maldacena1999large,
  title     = {The large-N limit of superconformal field theories and supergravity},
  author    = {Maldacena, Juan},
  journal   = {International journal of theoretical physics},
  volume    = {38},
  number    = {4},
  pages     = {1113--1133},
  year      = {1999},
  publisher = {Springer}
}

@misc{adscftwiki,
  author = {{Contributors to Wikimedia projects}},
  title  = {{AdS/xn--CFT-5q0fu4o - Wikipedia}},
  year   = {2024},
  month  = jan,
  note   = {[Online; accessed 9. Mar. 2024]},
  url    = {https://ja.wikipedia.org/w/index.php?title=AdS/CFT%E5%AF%BE%E5%BF%9C&oldid=98955127}
}